<?xml version="1.0" encoding="UTF-8"?><collection xmlns="http://www.loc.gov/MARC21/slim"><record><leader>00407nam--2200133-i-4500</leader><controlfield tag="001">000005431</controlfield><controlfield tag="002">20161230</controlfield><controlfield tag="005">20161230201026</controlfield><controlfield tag="008">060222s1000------------r-----000-0-eng-d</controlfield><datafield ind1=" " ind2=" " tag="080"><subfield code="a">543.062</subfield></datafield><datafield ind1=" " ind2=" " tag="100"><subfield code="a">Autenrieth Keller</subfield></datafield><datafield ind1=" " ind2=" " tag="245"><subfield code="a">Quantitative chemische analyse zum gebrauch in chemischen und pharmazeutischen labora- torien</subfield></datafield><datafield ind1=" " ind2=" " tag="260"><subfield code="a">Dresden, Verlag Von T,Steinkopff, 1959 Xxiii + 305 P</subfield></datafield><datafield ind1=" " ind2=" " tag="852"><subfield code="a">7562</subfield></datafield></record></collection>